<?xml version="1.0" encoding="UTF-8"?><collection xmlns="http://www.loc.gov/MARC21/slim"><record><leader>00356nam--2200133-i-4500</leader><controlfield tag="001">000040338</controlfield><controlfield tag="002">20161230</controlfield><controlfield tag="005">20161230201042</controlfield><controlfield tag="008">060222s1000------------r-----000-0-eng-d</controlfield><datafield ind1=" " ind2=" " tag="080"><subfield code="a">548.5:538.911=03=82=590</subfield></datafield><datafield ind1=" " ind2=" " tag="100"><subfield code="a">Saskolskaia,M.P. Si Sirotin,I.I</subfield></datafield><datafield ind1=" " ind2=" " tag="245"><subfield code="a">Fizica cristalelor</subfield></datafield><datafield ind1=" " ind2=" " tag="260"><subfield code="a">Bucuresti, Ed.St.Si Enciclopedica, 1981. 757p</subfield></datafield><datafield ind1=" " ind2=" " tag="852"><subfield code="a">49090</subfield></datafield></record></collection>